

@article{commun1,
       author={A. Mehrabian},
       title={Communication without words},
       journal={Psychology today},
       volume={2},
       year = 1968,
       pages = {53-56}
     }

@ARTICLE{4160945, 
author={Guoying Zhao and Pietikainen, M.}, 
journal={Pattern Analysis and Machine Intelligence, IEEE Transactions on}, 
title={Dynamic Texture Recognition Using Local Binary Patterns with an Application to Facial Expressions}, 
year={2007}, 
month={June}, 
volume={29}, 
number={6}, 
pages={915-928}, 
keywords={face recognition;image texture;dynamic texture recognition;facial expressions;facial image analysis;volume local binary patterns;Face recognition;Gray-scale;Image motion analysis;Image recognition;Image texture analysis;Motion analysis;Pattern analysis;Pattern recognition;Robustness;Spatial databases;Temporal texture;facial expression;facial image analysis;local binary pattern.;motion;Algorithms;Artificial Intelligence;Biometry;Computer Security;Face;Facial Expression;Humans;Image Enhancement;Image Interpretation, Computer-Assisted;Pattern Recognition, Automated;Reproducibility of Results;Sensitivity and Specificity;Signal Processing, Computer-Assisted;Video Recording}, 
doi={10.1109/TPAMI.2007.1110}, 
ISSN={0162-8828},}


@INPROCEEDINGS{1530069, 
author={Caifeng Shan and Shaogang Gong and McOwan, Peter W.}, 
booktitle={Image Processing, 2005. ICIP 2005. IEEE International Conference on}, 
title={Robust facial expression recognition using local binary patterns}, 
year={2005}, 
month={Sept}, 
volume={2}, 
pages={II-370-3}, 
keywords={face recognition;image matching;image resolution;statistical analysis;support vector machines;wavelet transforms;Gabor wavelets;facial expression recognition;image resolutions;local binary patterns;low-computation discriminative feature space;support vector machine;template matching;weighted Chi square statistic;Data mining;Face recognition;Feature extraction;Image recognition;Image resolution;Pattern recognition;Robustness;Statistics;Support vector machine classification;Support vector machines}, 
doi={10.1109/ICIP.2005.1530069},}





