%% This BibTeX bibliography file was created using BibDesk.
%% http://bibdesk.sourceforge.net/


%% Saved with string encoding Unicode (UTF-8) 

%Referencia para la introduccion habla sobre la importancia de las expresiones faciales en la comunicacion
@article{MEHRABIANA.:1968,
author="MEHRABIAN, A.",
title="Communication without words",
journal="Psychological Today",
ISSN="",
publisher="",
year="1968",
month="",
volume="2",
number="",
pages="53-55",
URL="http://ci.nii.ac.jp/naid/10017974344/en/",
DOI="",
}








